<record xmlns="http://www.loc.gov/MARC21/slim" xmlns:xsi="http://www.w3.org/2001/XMLSchema-instance" xsi:schemaLocation="http://www.loc.gov/MARC21/slim http://www.loc.gov/standards/marcxml/schema/MARC21slim.xsd"><leader>00748cz   2200193n  4500</leader><controlfield tag="001">oca00296413 </controlfield><controlfield tag="005">20050525161118.0</controlfield><controlfield tag="008">790801n| acannaab           |a aaa      </controlfield><datafield ind1=" " ind2=" " tag="010"><subfield code="a">n  79063465 </subfield></datafield><datafield ind1=" " ind2=" " tag="040"><subfield code="a">DLC</subfield><subfield code="c">DLC</subfield><subfield code="d">DLC</subfield><subfield code="d">NIC</subfield><subfield code="d">DLC</subfield></datafield><datafield ind1="0" ind2=" " tag="100"><subfield code="a">Demosthenes</subfield></datafield><datafield ind1="0" ind2=" " tag="400"><subfield code="a">Demosfen</subfield></datafield><datafield ind1="0" ind2=" " tag="400"><subfield code="a">Dīmūstīn</subfield></datafield><datafield ind1="0" ind2=" " tag="400"><subfield code="a">Demóstenes</subfield></datafield><datafield ind1="0" ind2=" " tag="400"><subfield code="a">Démosthène</subfield></datafield><datafield ind1=" " ind2=" " tag="670"><subfield code="a">Martín García, F. Sobre las simorías de Demóstenes, 1981:</subfield><subfield code="b">t.p. (Demóstenes)</subfield></datafield><datafield ind1=" " ind2=" " tag="670"><subfield code="a">Vlachou, G.K. Hē idea tou eleutherou anthrōpou ... 1992:</subfield><subfield code="b">t.p. (tou Dēmosthenous) p. 9 (ho Dēmosthenēs)</subfield></datafield><datafield ind1=" " ind2=" " tag="670"><subfield code="a">Enc. Brit. micropaedia</subfield><subfield code="b">(Demosthenes; b. 384 B.C., Athens--d. Oct. 12, 322, Calauria)</subfield></datafield><datafield ind1=" " ind2=" " tag="670"><subfield code="a">Lettres et fragments, 1987:</subfield><subfield code="b">t.p. (Démosthène)</subfield></datafield></record>